% --------------------------------------------------------------------------
% the CNLTX bundle
%
%   LaTeX source code and output
%
% --------------------------------------------------------------------------
% Clemens Niederberger
% Web:    https://github.com/cgnieder/cnltx/
% E-Mail: contact@mychemistry.eu
% --------------------------------------------------------------------------
% Copyright 2013--2019 Clemens Niederberger
%
% This work may be distributed and/or modified under the
% conditions of the LaTeX Project Public License, either version 1.3
% of this license or (at your option) any later version.
% The latest version of this license is in
%   http://www.latex-project.org/lppl.txt
% and version 1.3 or later is part of all distributions of LaTeX
% version 2005/12/01 or later.
%
% This work has the LPPL maintenance status `maintained'.
%
% The Current Maintainer of this work is Clemens Niederberger.
% --------------------------------------------------------------------------
% If you have any ideas, questions, suggestions or bugs to report, please
% feel free to contact me.
% --------------------------------------------------------------------------
@package{enumitem,
   title = {enumitem},
   author = {Javier Bezos López},
   date = {2019-06-20},
   version = {3.9},
   url = {https://ctan.org/pkg/enumitem}
}
@package{titletoc,
   title = {titletoc},
   author = {Javier Bezos López},
   date = {2023-10-17},
   version = {2.15},
   url = {https://ctan.org/pkg/titletoc}
}
@package{hyperref,
   title = {hyperref},
   author = {The \hologo{LaTeX} Project Team and Heiko Oberdiek and Sebastian Rahtz},
   date = {2023-11-26},
   version = {7.01g},
   url = {https://ctan.org/pkg/hyperref}
}
@bundle{ctex,
   title = {\CTeX~Macros Manual},
   author = {CTEX.ORG},
   date = {2022-07-14},
   version = {2.5.10},
   url={https://ctan.org/pkg/ctex}
}

@package{footmisc,
   title = {footmisc},
   author = {Frank Mittelbach and Robin Fairbairns},
   date = {2023-07-05},
   version = {6.0f},
   url = {https://ctan.org/pkg/footmisc}
}
@book{liuhaiyang,
   title = {Getting Started with \hologo{LaTeX}},
   author = {Haiyang Liu},
   date = {2013},
   publisher = {Electronic Industry Press},
   location={Beijing}
}

@package{eqexpl,
   title = {eqexpl},
   author = {Konstantin Morenko},
   date = {2022-06-18},
   version = {1.1.1},
   url = {https://ctan.org/pkg/eqexpl}
}

@package{thmtools,
   title = {thmtools},
   author = {Yukai Chou and Frank Mittelbach and Ulrich M. Schwarz},
   date = {2023-05-04},
   version = {0.76},
   url = {https://ctan.org/pkg/thmtools}
}

@package{tcolorbox,
   title = {tcolorbox},
   author = {Thomas F. Sturm},
   date = {2023-09-26},
   version = {6.1.0},
   url = {https://ctan.org/pkg/tcolorbox}
}
@package{caption,
   title = {caption},
   author = {Axel Sommerfeldt},
   date = {2023-09-08},
   version = {3.6o},
   url = {https://ctan.org/pkg/caption}
}
@bundle{l2,
   title = {The \hologo{LaTeXe} Sources},
   author = {The \hologo{LaTeX} Project Team},
   date = {2023-11-01},
   version = {2023-11-01},
   url = {https://ctan.org/pkg/source2e}
}

@bundle{l3,
   title = {The \hologo{LaTeX3} Interfaces},
   author = {The \hologo{LaTeX} Project Team},
   date = {2023-12-11},
   version = {2023-12-11},
   url = {https://ctan.org/pkg/l3kernel}
}

@book{huwei,
   title = {\hologo{LaTeXe} Document Class and Macro Package Study Manual},
   author = {Wei Hu},
   date = {2017},
   publisher = {Tsinghua University Press},
   location={Beijing}
}


@class{wuhan,
   title = {\hologo{LaTeX} thesis template for Wuhan University},
   author = {WHUTUG},
   date = {2021-05-20},
   version = {0.6d},
   url = {https://github.com/whutug/whu-thesis}
}

@class{fudan,
   title = {\hologo{LaTeX} thesis template for Fudan University},
   author = {Xiangdong Zeng},
   date = {2023-05-27},
   version = {0.9a},
   url = {https://ctan.org/pkg/fduthesis}
}

